<record><leader>00000cas a22000007a 4500</leader><controlfield tag="001">33016412</controlfield><controlfield tag="008">950819d19291934nyuwr ne      0    0eng d</controlfield><datafield ind1=" " ind2=" " tag="010"><subfield code="a">sn 96083533 </subfield></datafield><datafield ind1=" " ind2=" " tag="040"><subfield code="a">NYS</subfield><subfield code="b">eng</subfield><subfield code="c">NYS</subfield><subfield code="d">OCL</subfield><subfield code="d">NYS</subfield><subfield code="d">OCLCQ</subfield><subfield code="d">OCLCF</subfield><subfield code="d">OCLCO</subfield></datafield><datafield ind1="1" ind2=" " tag="029"><subfield code="a">AU@</subfield><subfield code="b">000025919111</subfield></datafield><datafield ind1=" " ind2=" " tag="042"><subfield code="a">msc</subfield></datafield><datafield ind1=" " ind2=" " tag="043"><subfield code="a">n-us-ny</subfield></datafield><datafield ind1="0" ind2="0" tag="245"><subfield code="a">Islip-Bay Shore messenger.</subfield></datafield><datafield ind1=" " ind2=" " tag="260"><subfield code="a">Central Islip, N.Y. :</subfield><subfield code="b">Rambler Pub. Corp.</subfield></datafield><datafield ind1=" " ind2=" " tag="300"><subfield code="a">v.</subfield></datafield><datafield ind1=" " ind2=" " tag="310"><subfield code="a">Weekly</subfield></datafield><datafield ind1="0" ind2=" " tag="362"><subfield code="a">Vol. 5, no. 29 (Jan. 2, 1929)-v. 11, no. 20 (Dec. 26, 1934).</subfield></datafield><datafield ind1=" " ind2=" " tag="500"><subfield code="a">"Democratic."</subfield></datafield><datafield ind1=" " ind2=" " tag="500"><subfield code="a">"A newspaper for the whole of Islip Township."</subfield></datafield><datafield ind1=" " ind2="0" tag="651"><subfield code="a">Central Islip (N.Y.)</subfield><subfield code="v">Newspapers.</subfield></datafield><datafield ind1=" " ind2="0" tag="651"><subfield code="a">Bay Shore (N.Y.)</subfield><subfield code="v">Newspapers.</subfield></datafield><datafield ind1=" " ind2="0" tag="651"><subfield code="a">Islip (N.Y. : Town)</subfield><subfield code="v">Newspapers.</subfield></datafield><datafield ind1=" " ind2="0" tag="651"><subfield code="a">Suffolk County (N.Y.)</subfield><subfield code="v">Newspapers.</subfield></datafield><datafield ind1=" " ind2="7" tag="655"><subfield code="a">Newspapers.</subfield><subfield code="2">fast</subfield><subfield code="0">(OCoLC)fst01423814</subfield></datafield><datafield ind1=" " ind2="7" tag="651"><subfield code="a">New York (State)</subfield><subfield code="z">Bay Shore.</subfield><subfield code="2">fast</subfield><subfield code="0">(OCoLC)fst01217346</subfield></datafield><datafield ind1=" " ind2="7" tag="651"><subfield code="a">New York (State)</subfield><subfield code="z">Central Islip.</subfield><subfield code="2">fast</subfield><subfield code="0">(OCoLC)fst01266566</subfield></datafield><datafield ind1=" " ind2="7" tag="651"><subfield code="a">New York (State)</subfield><subfield code="z">Islip (Town)</subfield><subfield code="2">fast</subfield><subfield code="0">(OCoLC)fst01331455</subfield></datafield><datafield ind1=" " ind2="7" tag="651"><subfield code="a">New York (State)</subfield><subfield code="z">Suffolk County.</subfield><subfield code="2">fast</subfield><subfield code="0">(OCoLC)fst01207260</subfield></datafield><datafield ind1=" " ind2=" " tag="752"><subfield code="a">United States</subfield><subfield code="b">New York</subfield><subfield code="c">Suffolk</subfield><subfield code="d">Central Islip.</subfield></datafield><datafield ind1="0" ind2="0" tag="780"><subfield code="t">Islip messenger</subfield><subfield code="w">(DLC)sn 96083532</subfield><subfield code="w">(OCoLC)33160295</subfield></datafield><datafield ind1="0" ind2="0" tag="785"><subfield code="t">Central Islip-Brentwood messenger and South Shore Democrat</subfield><subfield code="w">(DLC)sn 91066505</subfield><subfield code="w">(OCoLC)23667213</subfield></datafield></record>